@comment{x-kbibtex-personnameformatting=<%l><, %f>}

@article{DBLP:journals/corr/abs-1803-04868,
	author    = {Zlatan Ajanovic and
	Bakir Lacevic and
	Barys Shyrokau and
	Michael Stolz and
	Martin Horn},
	title     = {Search-based optimal motion planning for automated driving},
	journal   = {CoRR},
	volume    = {abs/1803.04868},
	year      = {2018},
	archivePrefix = {arXiv},
	eprint    = {1803.04868},
	timestamp = {Mon, 13 Aug 2018 16:48:56 +0200},
	biburl    = {https://dblp.org/rec/bib/journals/corr/abs-1803-04868},
	bibsource = {dblp computer science bibliography, https://dblp.org}
}
@inbook{inbook,
	author = {AjanoviÄ‡, Zlatan and Stolz, Michael and Horn, Martin},
	year = {2017},
	month = {05},
	pages = {61-80},
	title = {Energy Efficient Driving in Dynamic Environment: Considering Other Traffic Participants and Overtaking Possibility},
	journal = {SpringerBriefs in Applied Sciences and Technology},
	doi = {10.1007/978-3-319-53165-6_4}
}
@INPROCEEDINGS{583794,
	author={T. {Fraichard}},
	booktitle={Proceedings of 1993 IEEE/RSJ International Conference on Intelligent Robots and Systems (IROS '93)},
	title={Dynamic trajectory planning with dynamic constraints: A 'state-time space' approach},
	year={1993},
	volume={2},
	number={},
	pages={1393-1400 vol.2},
	doi={10.1109/IROS.1993.583794},
	ISSN={null},
	month={July},}
@article{article,
	author = {Anderson, Sterling and Peters, Steven and Pilutti, Thomas and Iagnemma, Karl},
	year = {2010},
	month = {10},
	pages = {190-216},
	title = {An Optimal-Control-Based Framework for Trajectory Planning, Threat Assessment, and Semi-Autonomous Control of Passenger Vehicles in Hazard Avoidance Scenarios},
	volume = {8},
	journal = {International Journal of Vehicle Autonomous Systems},
	doi = {10.1504/IJVAS.2010.035796}
}
@article{article5,
author = {Anderson, Sterling and Peters, Steven and Pilutti, Thomas and Iagnemma, Karl},
year = {2010},
month = {10},
pages = {190-216},
title = {An Optimal-Control-Based Framework for Trajectory Planning, Threat Assessment, and Semi-Autonomous Control of Passenger Vehicles in Hazard Avoidance Scenarios},
volume = {8},
journal = {International Journal of Vehicle Autonomous Systems},
doi = {10.1504/IJVAS.2010.035796}
}
@INPROCEEDINGS{7313361,
	author={A. {Rizaldi} and M. {Althoff}},
	booktitle={2015 IEEE 18th International Conference on Intelligent Transportation Systems},
	title={Formalising Traffic Rules for Accountability of Autonomous Vehicles},
	year={2015},
	volume={},
	number={},
	pages={1658-1665},
	doi={10.1109/ITSC.2015.269},
	ISSN={2153-0009},
	month={Sep.},}
@article{article7,
	author = {Wang, Meng and Hoogendoorn, Serge and Daamen, Winnie and Arem, B. and Happee, Riender},
	year = {2015},
	month = {07},
	pages = {73-92},
	title = {Game theoretic approach for predictive lane-changing and car-following control},
	volume = {58},
	journal = {Transportation Research Part C Emerging Technologies},
	doi = {10.1016/j.trc.2015.07.009}
}
@inproceedings{6f42273b120f421fa980c61913dcd489,
	title = "A novel model-based heuristic for energy optimal motion planning for automated driving",
	author = "Zlatan Ajanovic and Michael Stolz and Martin Horn",
	year = "2018",
	month = "6",
	language = "English",
	booktitle = "Proceedings of the 15th IFAC Symposium on Control in Transportation Systems (CTS 2018)",
}
@ARTICLE{4082128,
author={P. E. {Hart} and N. J. {Nilsson} and B. {Raphael}},
journal={IEEE Transactions on Systems Science and Cybernetics},
title={A Formal Basis for the Heuristic Determination of Minimum Cost Paths},
year={1968},
volume={4},
number={2},
pages={100-107},
doi={10.1109/TSSC.1968.300136},
ISSN={2168-2887},
month={July},}
@article{article10,
	author = {Montemerlo, Michael and Becker, Jan and Bhat, Suhrid and Dahlkamp, Hendrik and Dolgov, Dmitri and Ettinger, Scott and Haehnel, Dirk and Hilden, Tim and Hoffmann, Gabriel and Huhnke, Burkhard and Johnston, Doug and Klumpp, Stefan and Langer, Dirk and Levandowski, Anthony and Levinson, Jesse and Marcil, Julien and Orenstein, David and Paefgen, Johannes and Penny, Isaac and Thrun, Sebastian},
	year = {2008},
	month = {09},
	pages = {569 - 597},
	title = {Junior: The Stanford Entry in the Urban Challenge},
	volume = {25},
	journal = {Journal of Field Robotics},
	doi = {10.1002/rob.20258}
}
@article{10.2307/2984875,
	ISSN = {00359246},
	URL = {http://www.jstor.org/stable/2984875},
	author = {A. P. Dempster and N. M. Laird and D. B. Rubin},
	journal = {Journal of the Royal Statistical Society. Series B (Methodological)},
	number = {1},
	pages = {1--38},
	publisher = {[Royal Statistical Society, Wiley]},
	title = {Maximum Likelihood from Incomplete Data via the EM Algorithm},
	volume = {39},
	year = {1977}
}
@article{DBLP:journals/corr/abs-1807-08048,
	author    = {Haoyang Fan and
	Fan Zhu and
	Changchun Liu and
	Liangliang Zhang and
	Li Zhuang and
	Dong Li and
	Weicheng Zhu and
	Jiangtao Hu and
	Hongye Li and
	Qi Kong},
	title     = {Baidu Apollo {EM} Motion Planner},
	journal   = {CoRR},
	volume    = {abs/1807.08048},
	year      = {2018},
	url       = {http://arxiv.org/abs/1807.08048},
	archivePrefix = {arXiv},
	eprint    = {1807.08048},
}

